@book{streaming-data,
	author       = {Эндрю Дж. Пселтис},
	title        = {Потоковая обработка данных. Конвейер реального времени},
	year         = {2018},
	pages        = {22-23},
	publisher    = {ДМК Пресс},
	isbn         = {978-5-97060-606-3},
}

@misc{services,
	author       = {Банокин Павел Иванович and Цапко Геннадий Павлович},
	title        = {Методы и средства проектирования информационных систем и технологий},
	year         = {2012},
	pages        = {61-62},
	address      = {Томск},
	organization = {Томский политехнический университет},
	publisher    = {Издательство ТПУ},
}

